% This file was created with JabRef 2.8.1.
% Encoding: Cp1252
@article{crespo2004metodologia,
	title={Uma metodologia para teste de Software no Contexto da Melhoria de Processo},
	author={Crespo, Adalberto Nobiato and Silva, Odair J and Borges, Carlos Alberto and Salviano, Cl{\^e}nio Figueiredo and Argollo, M and Jino, Mario},
	journal={Simp{\'o}sio Brasileiro de Qualidade de Software},
	pages={271--285},
	year={2004}
}

@mastersthesis{costa2016split,
	title={Split-mbt: A model-based testing method for software product lines},
	author={Costa L. T., L. T.},
	year={2016},
	school={Pontif{\'\i}cia Universidade Cat{\'o}lica do Rio Grande do Sul}
}

@inproceedings{chen2009variability,
	title={Variability management in software product lines: a systematic review},
	author={Chen, Lianping and Ali Babar, Muhammad and Ali, Nour},
	booktitle={Proceedings of the 13th International Software Product Line Conference},
	pages={81--90},
	year={2009},
	organization={Carnegie Mellon University}
}

@article{engstrom2011software,
	title={Software product line testing--a systematic mapping study},
	author={Engstr{\"o}m, Emelie and Runeson, Per},
	journal={Information and Software Technology},
	volume={53},
	number={1},
	pages={2--13},
	year={2011},
	publisher={Elsevier}
}

@article{chen2011systematic,
	title={A systematic review of evaluation of variability management approaches in software product lines},
	author={Chen, Lianping and Babar, Muhammad Ali},
	journal={Information and Software Technology},
	volume={53},
	number={4},
	pages={344--362},
	year={2011},
	publisher={Elsevier}
}

@article{do2014strategies,
	title={On strategies for testing software product lines: A systematic literature review},
	author={do Carmo Machado, Ivan and Mcgregor, John D and Cavalcanti, Yguarat{\~a} Cerqueira and De Almeida, Eduardo Santana},
	journal={Information and Software Technology},
	volume={56},
	number={10},
	pages={1183--1199},
	year={2014},
	publisher={Elsevier}
}

@mastersthesis{zanin2016split,
	title={Split-Tesge: um processo para adapta{\c{c}}{\~a}o de m{\'e}todos de gera{\c{c}}{\~a}o de sequ{\^e}ncias de testes para linha de produto de software},
	author={Zanin, Aline},
	year={2016},
	school={Pontif{\'\i}cia Universidade Cat{\'o}lica do Rio Grande do Sul}
}
@conference{BeraICEIS2015,
	author={Marcio H. G. Bera and Edson OliveiraJr and Thelma E. Colanzi},
	title={Evidence-based SMarty Support for Variability Identification and Representation in Component Models},
	booktitle={Proceedings of the 17th International Conference on Enterprise Information Systems - Volume 2: ICEIS,},
	year={2015},
	pages={295-302},
	doi={10.5220/0005366402950302},
	isbn={978-989-758-097-0},
}

@conference{GeraldiICEIS2015,
	author={Ricardo T. Geraldi and Edson OliveiraJr and Tayana Conte and Igor Steinmacher},
	title={Checklist-based Inspection of SMarty Variability Models - Proposal and Empirical Feasibility Study},
	booktitle={Proceedings of the 17th International Conference on Enterprise Information Systems - Volume 2: ICEIS,},
	year={2015},
	pages={268-276},
	doi={10.5220/0005350102680276},
	isbn={978-989-758-097-0},
}

@inproceedings{MarcolinoEtAl2014, 
	author={A. Marcolino and E. Oliveira and I. Gimenes and E. F. Barbosa}, 
	booktitle={2014 IEEE 38th Annual Computer Software and Applications Conference}, 
	title={Empirically Based Evolution of a Variability Management Approach at UML Class Level}, 
	year={2014}, 
	pages={354-363}, 
	keywords={Unified Modeling Language;software product lines;Smarty process;Smarty profile;UML class level;UML models;UML profile;UML-based software product lines;UML-based variability management approaches;empirical evidence;systematic process;variabilities identification;variabilities representation;variabilities tracing;Business;Educational institutions;Guidelines;Sociology;Software;Software engineering;Unified modeling language;Class;Empirical Study;Evolution;SMarty;Software Product Line;UML;Variability}, 
	doi={10.1109/COMPSAC.2014.58}, 
	month={July},
}

@conference{MarcolinoICEIS2014,
	author={Anderson Marcolino and Edson OliveiraJr and Itana Gimenes},
	title={Towards the Effectiveness of the SMarty Approach for Variability Management at Sequence Diagram Level},
	booktitle={Proceedings of the 16th International Conference on Enterprise Information Systems - Volume 2: ICEIS,},
	year={2014},
	pages={249-256},
	doi={10.5220/0004889302490256},
	isbn={978-989-758-028-4},
}

@inproceedings{MarcolinoSEKE2013,
	author    = {Anderson Marcolino and
	Edson OliveiraJr and
	Itana M. S. Gimenes and
	Jos{\'{e}} Carlos Maldonado},
	title     = {Towards the Effectiveness of a Variability Management Approach at
	Use Case Level},
	booktitle = {The 25th International Conference on Software Engineering and Knowledge
	Engineering, Boston, MA, USA, June 27-29, 2013.},
	pages     = {214--219},
	year      = {2013},
	timestamp = {Mon, 05 Jan 2015 16:54:51 +0100},
	biburl    = {http://dblp.uni-trier.de/rec/bib/conf/seke/MarcolinoOGM13},
	bibsource = {dblp computer science bibliography, http://dblp.org}
}

@article{OliveiraJuniorJUCS2010,
	author = {Edson OliveiraJr and Itana M. S. Gimenes and Jos\ï¿½{e} C. Maldonado},
	title =  {Systematic Management of Variability in UML-based Software Product Lines},
	journal = {{J}ournal of {U}niversal {C}omputer {S}cience {(JUCS)}},
	year = {2010},
	volume = {16},
	number = {17},
	pages = {2374-2393},
	date = {2010-09-01},
	month = {sep},
}

@mastersthesis{Bera2015,
	author = {Bera, Marcio H. G.},
	title = {SMartyComponents: um Processo para Especifica\c c\~ao de Arquiteturas de Linha de Produto de Software baseadas em UML.},
	school = {Universidade Estadual de Maring\'a, Departamento de Inform\'atica, Programa de P\'{o}s Gradua\c c\~ao em Ci\^encia da Computa\c c\~ao},
	year = {2015},
}

@book{craig2002systematic,
	title={Systematic software testing},
	author={Craig, Rick David and Jaskiel, Stefan P},
	year={2002},
	publisher={Artech House}
}

@book{apel2016feature,
	title={Feature-oriented software product lines},
	author={Apel, Sven and Batory, Don and K{\"a}stner, Christian and Saake, Gunter},
	year={2013},
	publisher={Springer}
}

@article{linden2007product,
	title={The product line engineering approach},
	author={Linden, Frank and Schmid, Klaus and Rommes, Eelco},
	journal={Software Product Lines in Action},
	pages={3--20},
	year={2007},
	publisher={Springer}
}

@book{pohl2005software,
	title={Software product line engineering: foundations, principles and techniques},
	author={Pohl, Klaus and B{\"o}ckle, G{\"u}nter and van Der Linden, Frank J},
	year={2005},
	publisher={Springer Science \& Business Media}
}

@book{delamaro2017introduccao,
	title={Introdu{\c{c}}{\~a}o ao teste de software},
	author={Delamaro, Marcio and Jino, Mario and Maldonado, Jos{\'e}},
	year={2017},
	publisher={Elsevier Brasil}
}

@article{capilla2013systems,
	title={Systems and Software Variability Management},
	author={Capilla, Rafael and Bosch, Jan and Kang, Kyo-Chul and others},
	journal={Concepts Tools and Experiences},
	year={2013},
	publisher={Springer}
}

@article{isa2017model,
	title={Model-Based Testing for Software Product Line: A Systematic Literature Review},
	author={Isa, Mohd Adham Bin and Razak, Safwan Bin Abdul and Jawawi, Dayang Norhayati Bte Abang and Fuh, Ong Liang},
	journal={International Journal of Software Engineering and Technology},
	volume={2},
	number={2},
	year={2017}
}

@book{clements2002software,
	title={Software product lines},
	author={Clements, Paul and Northrop, Linda},
	year={2002},
	publisher={Addison-Wesley,}
}

@article{sei2012,
	title={A framework for software product line practice, version 5.0},
	author={SEI Software Engineering Institute},
	journal={SEI.--2007--http://www. sei. cmu. edu/productlines/index. html},
	year={2012}
}
@article{junior2010systematic,
	title={Systematic management of variability in UML-based software product lines},
	author={OliveiraJr and Gimenes, Itana MS and Maldonado, Jos{\'e} C},
	journal={Journal of Universal Computer Science},
	volume={16},
	number={17},
	pages={2374--2393},
	year={2010}
}

@inproceedings{de2005variability,
	title={A variability management process for software product lines},
	author={Edson OliveiraJr and Gimenes, Itana and Huzita, Elisa Hatsue Moriya and Maldonado, Jos{\'e} Carlos},
	booktitle={Proceedings of the 2005 conference of the Centre for Advanced Studies on Collaborative research},
	pages={225--241},
	year={2005},
	organization={IBM Press}
}

@article{junior2013systematic,
	title={Systematic evaluation of software product line architectures},
	author={Edson OliveiraJr and Gimenes, Itana MS and Maldonado, Jos{\'e} C and Masiero, Paulo C and Barroca, Leonor},
	journal={Journal of Universal Computer Science},
	volume={19},
	number={1},
	pages={25--52},
	year={2013}
}

@article{engstrom2011software,
	title={Software product line testing--a systematic mapping study},
	author={Engstr{\"o}m, Emelie and Runeson, Per},
	journal={Information and Software Technology},
	volume={53},
	number={1},
	pages={2--13},
	year={2011},
	publisher={Elsevier}
}

@article{lamancha2013systematic,
	title={Systematic review on software product line testing},
	author={Lamancha, Beatriz P{\'e}rez and Polo, Macario and Piattini, Mario},
	journal={Software and Data Technologies},
	volume={170},
	pages={58--71},
	year={2013},
	publisher={Springer}
}

@article{engstrom2011testing,
	title={Testing software product lines},
	author={Engstrom, Emelie and others},
	journal={IEEE software},
	volume={28},
	number={5},
	pages={16--20},
	year={2011},
	publisher={IEEE}
}

@article{do2014strategies,
	title={On strategies for testing software product lines: A systematic literature review},
	author={do Carmo Machado, Ivan and Mcgregor, John D and Cavalcanti, Yguarat{\~a} Cerqueira and De Almeida, Eduardo Santana},
	journal={Information and Software Technology},
	volume={56},
	number={10},
	pages={1183--1199},
	year={2014},
	publisher={Elsevier}
}

@article{shafique2010systematic,
	title={A systematic review of model based testing tool support},
	author={Shafique, Muhammad and Labiche, Yvan},
	journal={Carleton University, Canada, Tech. Rep. Technical Report SCE-10-04},
	pages={01--21},
	year={2010}
}

@inproceedings{marcolino2013towards,
	title={Towards the Effectiveness of a Variability Management Approach at Use Case Level.},
	author={Marcolino, Anderson and Edson OliveiraJr and Gimenes, Itana MS and Maldonado, Jos{\'e} Carlos},
	booktitle={SEKE},
	pages={214--219},
	year={2013}
}

%revisÃ£o

@article{isa2017model,
	title={Model-Based Testing for Software Product Line: A Systematic Literature Review},
	author={Isa, Mohd Adham Bin and Razak, Safwan Bin Abdul and Jawawi, Dayang Norhayati Bte Abang and Fuh, Ong Liang},
	journal={International Journal of Software Engineering and Technology},
	volume={2},
	number={2},
	year={2017}
}

@book{nakagawa2017revisao,
	title={Revis{\~a}o Sistem{\'a}tica da Literatura em Engenharia de Software: Teoria e Pr{\'a}tica},
	author={Nakagawa, Elisa Yumi and Scannavino, K{\'a}tia Romero Felizardo and Fabbri, Sandra Camargo Pinto Ferraz and Ferrari, Fabiano Cutigi},
	year={2017},
	publisher={Elsevier Brasil}
}

@incollection{keele2007guidelines,
	title={Guidelines for performing systematic literature reviews in software engineering},
	author={Keele, Staffs and others},
	booktitle={Technical report, Ver. 2.3 EBSE Technical Report. EBSE},
	year={2007},
	publisher={sn}
}

@article{kitchenham2004procedures,
	title={Procedures for performing systematic reviews},
	author={Kitchenham, Barbara},
	journal={Keele, UK, Keele University},
	volume={33},
	number={2004},
	pages={1--26},
	year={2004}
}

@inproceedings{wohlin2014guidelines,
	title={Guidelines for snowballing in systematic literature studies and a replication in software engineering},
	author={Wohlin, Claes},
	booktitle={Proceedings of the 18th international conference on evaluation and assessment in software engineering},
	pages={38},
	year={2014},
	organization={ACM}
}

@inproceedings{badampudi2015experiences,
	title={Experiences from using snowballing and database searches in systematic literature studies},
	author={Badampudi, Deepika and Wohlin, Claes and Petersen, Kai},
	booktitle={Proceedings of the 19th International Conference on Evaluation and Assessment in Software Engineering},
	pages={17},
	year={2015},
	organization={ACM}
}

@article{li2013novel,
	title={A novel Likert scale based on fuzzy sets theory},
	author={Li, Qing},
	journal={Expert Systems with Applications},
	volume={40},
	number={5},
	pages={1609--1618},
	year={2013},
	publisher={Elsevier}
}


%artigos a aprtir daqui citados na tabela

@inproceedings{lity2012delta,
	title={Delta-oriented model-based SPL regression testing},
	author={Lity, Sascha and Lochau, Malte and Schaefer, Ina and Goltz, Ursula},
	booktitle={Proceedings of the Third International Workshop on Product LinE Approaches in Software Engineering},
	pages={53--56},
	year={2012},
	organization={IEEE Press}
}

@inproceedings{steffens2012industrial,
	title={Industrial evaluation of pairwise spl testing with moso-polite},
	author={Steffens, Michaela and Oster, Sebastian and Lochau, Malte and Fogdal, Thomas},
	booktitle={Proceedings of the Sixth International Workshop on Variability Modeling of Software-Intensive Systems},
	pages={55--62},
	year={2012},
	organization={ACM}
}

@inproceedings{cichos2011model,
	title={Model-based coverage-driven test suite generation for software product lines},
	author={Cichos, Harald and Oster, Sebastian and Lochau, Malte and Sch{\"u}rr, Andy},
	booktitle={International Conference on Model Driven Engineering Languages and Systems},
	pages={425--439},
	year={2011},
	organization={Springer}
}

@inproceedings{oster2011moso,
	title={MoSo-PoLiTe: tool support for pairwise and model-based software product line testing},
	author={Oster, Sebastian and Zorcic, Ivan and Markert, Florian and Lochau, Malte},
	booktitle={Proceedings of the 5th Workshop on Variability Modeling of Software-Intensive Systems},
	pages={79--82},
	year={2011},
	organization={ACM}
}

@inproceedings{samih2014mplm,
	title={MPLM-MaTeLo product line manager:[relating variability modelling and model-based testing]},
	author={Samih, Hamza and Bogusch, Ralf},
	booktitle={Proceedings of the 18th International Software Product Line Conference: Companion Volume for Workshops, Demonstrations and Tools-Volume 2},
	pages={138--142},
	year={2014},
	organization={ACM}
}

@inproceedings{knapp2014use,
	title={On the use of test cases in model-based software product line development},
	author={Knapp, Alexander and Roggenbach, Markus and Schlingloff, Bernd-Holger},
	booktitle={Proceedings of the 18th International Software Product Line Conference-Volume 1},
	pages={247--251},
	year={2014},
	organization={ACM}
}

@inproceedings{oster2011pairwise,
	title={Pairwise feature-interaction testing for SPLs: potentials and limitations},
	author={Oster, Sebastian and Zink, Marius and Lochau, Malte and Grechanik, Mark},
	booktitle={Proceedings of the 15th International Software Product Line Conference, Volume 2},
	pages={6},
	year={2011},
	organization={ACM}
}

@inproceedings{samih2014deriving,
	title={Deriving usage model variants for model-based testing: an industrial case study},
	author={Samih, Hamza and Le Guen, H{\'e}l{\`e}ne and Bogusch, Ralf and Acher, Mathieu and Baudry, Benoit},
	booktitle={Engineering of Complex Computer Systems (ICECCS), 2014 19th International Conference on},
	pages={77--80},
	year={2014},
	organization={IEEE}
}

@inproceedings{gebizli2016model,
	title={Model-based software product line testing by coupling feature models with hierarchical markov chain usage models},
	author={Gebizli, Ceren Sahin and S{\"o}zer, Hasan},
	booktitle={Software Quality, Reliability and Security Companion (QRS-C), 2016 IEEE International Conference on},
	pages={278--283},
	year={2016},
	organization={IEEE}
}

@inproceedings{lackner2014model,
	title={Model-based test design of product lines: Raising test design to the product line level},
	author={Lackner, Hartmut and Thomas, Martin and Wartenberg, Florian and Wei{\ss}leder, Stephan},
	booktitle={Software Testing, Verification and Validation (ICST), 2014 IEEE Seventh International Conference on},
	pages={51--60},
	year={2014},
	organization={IEEE}
}

@inproceedings{dukaczewski2013requirements,
	title={Requirements-based delta-oriented SPL testing},
	author={Dukaczewski, Michael and Schaefer, Ina and Lachmann, Remo and Lochau, Malte},
	booktitle={Product Line Approaches in Software Engineering (PLEASE), 2013 4th International Workshop on},
	pages={49--52},
	year={2013},
	organization={IEEE}
}

@inproceedings{wang2013using,
	title={Using feature model to support model-based testing of product lines: an industrial case study},
	author={Wang, Shuai and Ali, Shaukat and Yue, Tao and Liaaen, Marius},
	booktitle={Quality Software (QSIC), 2013 13th International Conference on},
	pages={75--84},
	year={2013},
	organization={IEEE}
}

@article{garcia2010automated,
	title={An automated Model-based Testing Approach in Software Product Lines Using a Variability Language.},
	author={Garc{\'\i}a Guti{\'e}rrez, Bonifacio and Garcia Carmona, Rodrigo and Navas Baltasar, Alvaro and Parada G{\'e}lvez, Hugo Alexer and Cuadrado Latasa, Felix and Due{\~n}as L{\'o}pez, Juan Carlos},
	year={2010},
	publisher={Fraunhofer Institute for Open Communication Systems}
}

%14

@inproceedings{wang2013automated,
	title={Automated Product Line Methodologies to Support Model-Based Testing.},
	author={Wang, Shuai and Ali, Shaukat and Gotlieb, Arnaud},
	booktitle={Demos/Posters/StudentResearch@ MoDELS},
	pages={56--60},
	year={2013}
}

@article{devroey2014behavioural,
	title={Behavioural Model Based Testing of Software Product Lines},
	author={Devroey, Xavier},
	year={2014}
}

@phdthesis{oster2012feature,
	title={Feature Model-based Software Product Line Testing},
	author={Oster, Sebastian},
	year={2012},
	school={Technische Universit{\"a}t}
}

@article{lochau2012model,
	title={Model-based pairwise testing for feature interaction coverage in software product line engineering},
	author={Lochau, Malte and Oster, Sebastian and Goltz, Ursula and Sch{\"u}rr, Andy},
	journal={Software Quality Journal},
	volume={20},
	number={3-4},
	pages={567--604},
	year={2012},
	publisher={Springer}
}

@inproceedings{cai2013model,
	title={Model-based test generation for software product line},
	author={Cai, Xinying and Zeng, Hongwei},
	booktitle={Computer and Information Science (ICIS), 2013 IEEE/ACIS 12th International Conference on},
	pages={347--351},
	year={2013},
	organization={IEEE}
}

@book{olimpiew2008model,
	title={Model-based testing for software product lines},
	author={Olimpiew, Erika Mir},
	year={2008},
	publisher={George Mason University}
}

@article{rodrigues2013plets,
	title={Plets: a product line of model-based testing tools},
	author={Rodrigues, Elder de Macedo},
	year={2013},
	publisher={Pontif{\'\i}cia Universidade Cat{\'o}lica do Rio Grande do Sul}
}

%21

@article{weissleder2013top,
	title={Top-down and bottom-up approach for model-based testing of product lines},
	author={Wei{\ss}leder, Stephan and Lackner, Hartmut},
	journal={arXiv preprint arXiv:1303.1011},
	year={2013}
}

@inproceedings{ali2012product,
	title={A product line modeling and configuration methodology to support model-based testing: an industrial case study},
	author={Ali, Shaukat and Yue, Tao and Briand, Lionel and Walawege, Suneth},
	booktitle={International Conference on Model Driven Engineering Languages and Systems},
	pages={726--742},
	year={2012},
	organization={Springer}
}

@inproceedings{devroey2014coverage,
	title={Coverage criteria for behavioural testing of software product lines},
	author={Devroey, Xavier and Perrouin, Gilles and Legay, Axel and Cordy, Maxime and Schobbens, Pierre-Yves and Heymans, Patrick},
	booktitle={International Symposium On Leveraging Applications of Formal Methods, Verification and Validation},
	pages={336--350},
	year={2014},
	organization={Springer}
}

@inproceedings{lamancha2010model,
	title={A model based testing approach for model-driven development and software product lines},
	author={Lamancha, Beatriz P{\'e}rez and Usaola, Macario Polo and Velthius, Mario Piattini},
	booktitle={International Conference on Evaluation of Novel Approaches to Software Engineering},
	pages={193--208},
	year={2010},
	organization={Springer}
}

@inproceedings{devroey2012vision,
	title={A vision for behavioural model-driven validation of software product lines},
	author={Devroey, Xavier and Cordy, Maxime and Perrouin, Gilles and Kang, Eun-Young and Schobbens, Pierre-Yves and Heymans, Patrick and Legay, Axel and Baudry, Benoit},
	booktitle={International Symposium On Leveraging Applications of Formal Methods, Verification and Validation},
	pages={208--222},
	year={2012},
	organization={Springer}
}

@inproceedings{devroey2014abstract,
	title={Abstract test case generation for behavioural testing of software product lines},
	author={Devroey, Xavier and Perrouin, Gilles and Schobbens, Pierre-Yves},
	booktitle={Proceedings of the 18th International Software Product Line Conference: Companion Volume for Workshops, Demonstrations and Tools-Volume 2},
	pages={86--93},
	year={2014},
	organization={ACM}
}

@inproceedings{lity2016applying,
	title={Applying incremental model slicing to product-line regression testing},
	author={Lity, Sascha and Morbach, Thomas and Th{\"u}m, Thomas and Schaefer, Ina},
	booktitle={International Conference on Software Reuse},
	pages={3--19},
	year={2016},
	organization={Springer}
}

@inproceedings{patel2015automated,
	title={Automated testing of software-as-a-service configurations using a variability language},
	author={Patel, Sachin and Shah, Vipul},
	booktitle={Proceedings of the 19th International Conference on Software Product Line},
	pages={253--262},
	year={2015},
	organization={ACM}
}

@inproceedings{varshosaz2015delta,
	title={Delta-oriented FSM-based testing},
	author={Varshosaz, Mahsa and Beohar, Harsh and Mousavi, Mohammad Reza},
	booktitle={International Conference on Formal Engineering Methods},
	pages={366--381},
	year={2015},
	organization={Springer}
}

@inproceedings{lochau2012incremental,
	title={Incremental model-based testing of delta-oriented software product lines},
	author={Lochau, Malte and Schaefer, Ina and Kamischke, Jochen and Lity, Sascha},
	booktitle={International Conference on Tests and Proofs},
	pages={67--82},
	year={2012},
	organization={Springer}
}

%31

@inproceedings{reales2011model,
	title={Model Based Testing in Software Product Lines},
	author={Reales, Pedro and Polo, Macario and Caivano, Danilo},
	booktitle={International Conference on Enterprise Information Systems},
	pages={270--283},
	year={2011},
	organization={Springer}
}

@inproceedings{lochau2012incremental,
	title={Incremental model-based testing of delta-oriented software product lines},
	author={Lochau, Malte and Schaefer, Ina and Kamischke, Jochen and Lity, Sascha},
	booktitle={International Conference on Tests and Proofs},
	pages={67--82},
	year={2012},
	organization={Springer}
}

@inproceedings{lochau2012parameterized,
	title={Parameterized preorder relations for model-based testing of software product lines},
	author={Lochau, Malte and Kamischke, Jochen},
	booktitle={International Symposium On Leveraging Applications of Formal Methods, Verification and Validation},
	pages={223--237},
	year={2012},
	organization={Springer}
}

@inproceedings{devroey2015vibes,
	title={VIBeS, transition system mutation made easy},
	author={Devroey, Xavier and Perrouin, Gilles and Schobbens, Pierre-Yves and Heymans, Patrick},
	booktitle={Proceedings of the 37th International Conference on Software Engineering-Volume 2},
	pages={817--818},
	year={2015},
	organization={IEEE Press}
}

@article{beohar2014spinal,
	title={Spinal test suites for software product lines},
	author={Beohar, Harsh and Mousavi, Mohammad Reza},
	journal={arXiv preprint arXiv:1403.7260},
	year={2014}
}

@inproceedings{lamancha2009automated,
	title={Automated model-based testing using the UML testing profile and QVT},
	author={Lamancha, Beatriz P{\'e}rez and Mateo, Pedro Reales and de Guzm{\'a}n, Ignacio Rodr{\'\i}guez and Usaola, Macario Polo and Velthius, Mario Piattini},
	booktitle={Proceedings of the 6th International Workshop on Model-Driven Engineering, Verification and Validation},
	pages={6},
	year={2009},
	organization={ACM}
}

@article{samih2012relating,
	title={Relating variability modeling and model-based testing for software product lines testing},
	author={Samih, H and Baudry, B},
	journal={Proceedings of the ICTSS},
	pages={18--22},
	year={2012}
}

@inproceedings{weissleder2014evaluation,
	title={An evaluation of model-based testing in embedded applications},
	author={Wei{\ss}leder, Stephan and Schlingloff, Holger},
	booktitle={Software Testing, Verification and Validation (ICST), 2014 IEEE Seventh International Conference on},
	pages={223--232},
	year={2014},
	organization={IEEE}
}

@inproceedings{henard2013assessing,
	title={Assessing software product line testing via model-based mutation: An application to similarity testing},
	author={Henard, Christopher and Papadakis, Mike and Perrouin, Gilles and Klein, Jacques and Le Traon, Yves},
	booktitle={Software Testing, Verification and Validation Workshops (ICSTW), 2013 IEEE Sixth International Conference on},
	pages={188--197},
	year={2013},
	organization={IEEE}
}

@inproceedings{perrouin2010automated,
	title={Automated and scalable t-wise test case generation strategies for software product lines},
	author={Perrouin, Gilles and Sen, Sagar and Klein, Jacques and Baudry, Benoit and Le Traon, Yves},
	booktitle={Software Testing, Verification and Validation (ICST), 2010 Third International Conference on},
	pages={459--468},
	year={2010},
	organization={IEEE}
}

@inproceedings{hasling2008model,
	title={Model based testing of system requirements using UML use case models},
	author={Hasling, Bill and Goetz, Helmut and Beetz, Klaus},
	booktitle={Software Testing, Verification, and Validation, 2008 1st international conference on},
	pages={367--376},
	year={2008},
	organization={IEEE}
}

@inproceedings{gebizli2016successive,
	title={Successive refinement of models for model-based testing to increase system test effectiveness},
	author={Gebizli, Ceren Sahin and S{\"o}zer, Hasan and Ercan, Ali {\"O}zer},
	booktitle={Software Testing, Verification and Validation Workshops (ICSTW), 2016 IEEE Ninth International Conference on},
	pages={263--268},
	year={2016},
	organization={IEEE}
}

@article{rodrigues2012software,
	title={A Software Product Line for Model-Based Testing Tools},
	author={Rodrigues, E de M and Zorzo, Avelino F and Nakagawa, EY and Gimenez, I and Maldonado, JC and de Oliveira, FM},
	journal={Journal of Systems and Software},
	pages={1--26},
	year={2012}
}

@inproceedings{weissleder2008reusing,
	title={Reusing state machines for automatic test generation in product lines},
	author={Wei{\ss}leder, Stephan and Sokenou, Dehla and Schlingloff, Bernd-Holger},
	booktitle={1st workshop on model-based testing in practice (MoTiP)},
	pages={19},
	year={2008}
}

@incollection{kang2013variability,
	title={Variability modeling},
	author={Kang, Kyo C and Lee, Hyesun},
	booktitle={Systems and Software Variability Management},
	pages={25--42},
	year={2013},
	publisher={Springer}
}

@article{Machado2014strategies,
	title={On strategies for testing software product lines: A systematic literature review},
	author={Machado, Ivan C. and Mcgregor, John D. and Cavalcanti, Yguarat{\~a} Cerqueira and Almeida, Eduardo S.},
	journal={Information and Software Technology},
	volume={56},
	number={10},
	pages={1183--1199},
	year={2014},
	publisher={Elsevier}
}

@article{bernardino2017systematic,
	title={Systematic mapping study on MBT: tools and models},
	author={Bernardino, Maicon and Rodrigues, Elder M. and Zorzo, Avelino F. and Marchezan, Luciano},
	journal={IET Software},
	volume={11},
	number={4},
	pages={141--155},
	year={2017},
	publisher={IET}
}

@article{SilveiraNeto2011systematic,
	title={A systematic mapping study of software product lines testing},
	author={Silveira Neto, Paulo Anselmo da Mota and Machado, Ivan C. and McGregor, John D. and Almeida, Eduardo S. and Meira, Silvio Romero L.},
	journal={Information and Software Technology},
	volume={53},
	number={5},
	pages={407--423},
	year={2011},
	publisher={Elsevier}
}

@techreport{KitchenhamCharters2007,
	author = {Kitchenham, Barbara and Charters, Stuart},  
	institution = {Keele University and Durham University Joint Report},
	number = {EBSE 2007-001},
	title = {{Guidelines for performing Systematic Literature Reviews in Software Engineering}},
	url = {http://www.dur.ac.uk/ebse/resources/Systematic-reviews-5-8.pdf},
	year = 2007
}

@inproceedings{PetersenEtAl2008,
	author = {Petersen, Kai and Feldt, Robert and Mujtaba, Shahid and Mattsson, Michael},
	title = {{Systematic Mapping Studies in Software Engineering}},
	booktitle = {International Conference on Evaluation and Assessment in Software Engineering},
	series = {EASE'08},
	year = {2008},
	location = {Italy},
	pages = {68--77},
	numpages = {10},
	url = {http://dl.acm.org/citation.cfm?id=2227115.2227123},
	publisher = {BCS Learning \& Development Ltd.},
	address = {Swindon, UK},	
}

@article{kundu2013automatic,
	title={Automatic code generation from unified modelling language sequence diagrams},
	author={Kundu, Debasish and Samanta, Debasis and Mall, Rajib},
	journal={IET Software},
	volume={7},
	number={1},
	pages={12--28},
	year={2013},
	publisher={IET}
}

@inproceedings{sokenou2006generating,
	title={Generating Test Sequences from UML Sequence Diagrams and State Diagrams.},
	author={Sokenou, Dehla and others},
	booktitle={GI Jahrestagung (2)},
	pages={236--240},
	year={2006},
	organization={Citeseer}
}
@inproceedings{sarma2007automatic,
	title={Automatic test case generation from UML sequence diagram},
	author={Sarma, Monalisa and Kundu, Debasish and Mall, Rajib},
	booktitle={15th International Conference on Advanced Computing and Communications (ADCOM 2007)},
	pages={60--67},
	year={2007},
	organization={IEEE}
}

@inproceedings{panthi2013automatic,
	title={Automatic test case generation using sequence diagram},
	author={Panthi, Vikas and Mohapatra, Durga Prasad},
	booktitle={Proceedings of International Conference on Advances in Computing},
	pages={277--284},
	year={2013},
	organization={Springer}
}

@inproceedings{allilaire2006atl,
	title={ATL-eclipse support for model transformation},
	author={Allilaire, Freddy and B{\'e}zivin, Jean and Jouault, Fr{\'e}d{\'e}ric and Kurtev, Ivan},
	booktitle={Proceedings of the Eclipse Technology eXchange workshop (eTX) at the ECOOP 2006 Conference, Nantes, France},
	volume={66},
	year={2006},
	organization={Citeseer}
}
@inproceedings{hennicker2007activity,
	title={Activity-driven synthesis of state machines},
	author={Hennicker, Rolf and Knapp, Alexander},
	booktitle={International Conference on Fundamental Approaches to Software Engineering},
	pages={87--101},
	year={2007},
	organization={Springer}
}

@inproceedings{aggarwal2012test,
	title={Test case generation from uml state machine diagram: A survey},
	author={Aggarwal, Manuj and Sabharwal, Sangeeta},
	booktitle={2012 Third International Conference on Computer and Communication Technology},
	pages={133--140},
	year={2012},
	organization={IEEE}
}

@article{dalepiane2014implementation,
	title={Implementation of a model based test case generator for UML state machines},
	author={Dalepiane, Mateus Felipin},
	year={2014}
}

@article{samuel2008automatic,
	title={Automatic test case generation using unified modeling language (UML) state diagrams},
	author={Samuel, Philip and Mall, R and Bothra, Ajay Kumar},
	journal={IET software},
	volume={2},
	number={2},
	pages={79--93},
	year={2008},
	publisher={IET}
}

@article{petersen2015guidelines,
	title={Guidelines for conducting systematic mapping studies in software engineering: An update},
	author={Petersen, Kai and Vakkalanka, Sairam and Kuzniarz, Ludwik},
	journal={Information and Software Technology},
	volume={64},
	pages={1--18},
	year={2015},
	publisher={Elsevier}
}

@book{kitchenham2015evidence,
	title={Evidence-based software engineering and systematic reviews},
	author={Kitchenham, Barbara Ann and Budgen, David and Brereton, Pearl},
	volume={4},
	year={2015},
	publisher={CRC press}
}

% referencias do artigo SMS
@Article{Feldt_et_al2018,
	author="Feldt, Robert
	and Zimmermann, Thomas
	and Bergersen, Gunnar R.
	and Falessi, Davide
	and Jedlitschka, Andreas
	and Juristo, Natalia
	and M{\"u}nch, J{\"u}rgen
	and Oivo, Markku
	and Runeson, Per
	and Shepperd, Martin
	and Sj{\o}berg, Dag I. K.
	and Turhan, Burak",
	title="Four commentaries on the use of students and professionals in empirical software engineering experiments",
	journal="Empirical Software Engineering",
	year="2018",
	month="Dec",
	day="01",
	volume="23",
	number="6",
	pages="3801--3820",
	issn="1573-7616",
	doi="10.1007/s10664-018-9655-0",
	url="https://doi.org/10.1007/s10664-018-9655-0"
}



@inproceedings{Alves_et_al2009,
	author = {Alves, Vander and Schneider, Daniel and Becker, Martin and Iese, Fraunhofer and Platz, Fraunhofer and Bencomo, Nelly and Grace, Paul},
	year = {2009},
	pages = {9-17},
	title = {Comparitive study of variability management in software product lines and runtime adaptable systems},
	booktitle = {International Workshop on Variability Modelling of Software-Intensive Systems},
}

@inproceedings{Chen_et_al2009,
	author = {Chen, Lianping and Ali Babar, Muhammad and Ali, Nour},
	title = {Variability Management in Software Product Lines: A Systematic Review},
	booktitle = {Proceedings of the 13th International Software Product Line Conference},
	series = {SPLC '09},
	year = {2009},
	location = {San Francisco, California, USA},
	pages = {81--90},
	numpages = {10},
	url = {http://dl.acm.org/citation.cfm?id=1753235.1753247},
	acmid = {1753247},
	publisher = {Carnegie Mellon University},
	address = {Pittsburgh, PA, USA},
	keywords = {software product lines, systematic reviews, variability management},
} 


@InProceedings{Reis_et_al2007,
	author="Reis, Sacha
	and Metzger, Andreas
	and Pohl, Klaus",
	editor="Dwyer, Matthew B.
	and Lopes, Ant{\'o}nia",
	title="Integration Testing in Software Product Line Engineering: A Model-Based Technique",
	booktitle="Fundamental Approaches to Software Engineering",
	year="2007",
	publisher="Springer Berlin Heidelberg",
	address="Berlin, Heidelberg",
	pages="321--335",
	isbn="978-3-540-71289-3"
}



@INPROCEEDINGS{Kakarontzas_et_al2008, 
	author={G. {Kakarontzas} and I. {Stamelos} and P. {Katsaros}}, 
	booktitle={International Conference on Computational Intelligence for Modelling Control Automation}, 
	title={Product Line Variability with Elastic Components and Test-Driven Development}, 
	year={2008}, 
	pages={146-151}, 
	doi={10.1109/CIMCA.2008.84}, 
	ISSN={}, 
	month={Dec},}

@INPROCEEDINGS{Feng_et_al2007, 
	author={Y. {Feng} and X. {Liu} and J. {Kerridge}}, 
	booktitle={Annual International Computer Software and Applications Conference}, 
	title={A product line based aspect-oriented generative unit testing approach to building quality components}, 
	year={2007}, 
	pages={403-408}, 
	doi={10.1109/COMPSAC.2007.35}, 
	ISSN={0730-3157}, 
	month={July},}

@InProceedings{Samih_et_al2014,
	author="Samih, Hamza
	and Le Guen, H{\'e}l{\`e}ne
	and Bogusch, Ralf
	and Acher, Mathieu
	and Baudry, Benoit",
	editor="Merayo, Mercedes G.
	and de Oca, Edgardo Montes",
	title="An Approach to Derive Usage Models Variants for Model-Based Testing",
	booktitle="Testing Software and Systems",
	year="2014",
	publisher="Springer Berlin Heidelberg",
	address="Berlin, Heidelberg",
	pages="80--96",
	isbn="978-3-662-44857-1"
}



@inproceedings{Lity_et_al2012,
	title={Delta-oriented model-based SPL regression testing},
	author={Lity, Sascha and Lochau, Malte and Schaefer, Ina and Goltz, Ursula},
	booktitle={International Workshop on Product LinE Approaches in Software Engineering},
	pages={53--56},
	year={2012},
	organization={IEEE Press}
}



@article{PohlMetzger2006,
	author = {Pohl, Klaus and Metzger, Andreas},
	title = {Software Product Line Testing},
	journal = {Commun. ACM},
	issue_date = {December 2006},
	volume = {49},
	number = {12},
	month = dec,
	year = {2006},
	issn = {0001-0782},
	pages = {78--81},
	numpages = {4},
	url = {http://doi.acm.org/10.1145/1183236.1183271},
	doi = {10.1145/1183236.1183271},
	acmid = {1183271},
	publisher = {ACM},
	address = {New York, NY, USA},
} 

@article{Machado_et_al2014_IST,
	title={On strategies for testing software product lines: A systematic literature review},
	author={Carmo Machado, Ivan and Mcgregor, John D and Cavalcanti, Yguarat{\~a} Cerqueira and De Almeida, Eduardo Santana},
	journal={Information and Software Technology},
	volume={56},
	number={10},
	pages={1183--1199},
	year={2014},
	publisher={Elsevier}
}

@article{GarousiMantyla2016,
	title = "A systematic literature review of literature reviews in software testing",
	journal = "Information and Software Technology",
	volume = "80",
	pages = "195 - 216",
	year = "2016",
	issn = "0950-5849",
	doi = "https://doi.org/10.1016/j.infsof.2016.09.002",
	author = "Vahid Garousi and Mika V. MÃ¤ntylÃ¤",
	keywords = "Secondary studies, Tertiary study, Software testing, Systematic mapping, Systematic literature reviews, Surveys",
}

@InProceedings{Lamancha_et_al2013,
	title={Systematic review on software product line testing},
	author={Lamancha, Beatriz P{\'e}rez and Polo, Macario and Piattini, Mario},
	booktitle="International Conference on Software and Data Technologies",
	pages={58--71},
	year={2013},
	publisher={Springer}
}

@inproceedings{Lamancha_et_al2010,
	title={A model based testing approach for model-driven development and software product lines},
	author={Lamancha, Beatriz P{\'e}rez and Usaola, Macario Polo and Velthius, Mario Piattini},
	booktitle={International Conference on Evaluation of Novel Approaches to Software Engineering},
	pages={193--208},
	year={2010},
	organization={Springer}
}

@inproceedings{Lamancha_et_al2009,
	title={Automated model-based testing using the UML testing profile and QVT},
	author={Lamancha, Beatriz P{\'e}rez and Mateo, Pedro Reales and de Guzm{\'a}n, Ignacio Rodr{\'\i}guez and Usaola, Macario Polo and Velthius, Mario Piattini},
	booktitle={International Workshop on Model-Driven Engineering, Verification and Validation},
	pages={6},
	year={2009},
	organization={ACM}
}

@Article{Ciccozzi_et_al2018,
	author="Ciccozzi, Federico and Malavolta, Ivano and Selic, Bran",
	title="Execution of UML models: a systematic review of research and practice",
	journal="Software {\&} Systems Modeling",
	year="2018",
	month="Apr",
	day="10",
	issn="1619-1374",
	doi="10.1007/s10270-018-0675-4",
}

@article{Kosar_et_al2016,
	author = {Kosar, Toma\v{z} and Bohra, Sudev and Mernik, Marjan},
	title = {Domain-Specific Languages},
	journal = {Inf. Softw. Technol.}, 
	volume = {71},
	number = {C},
	month = mar,
	year = {2016},
	issn = {0950-5849},
	pages = {77--91},
	numpages = {15}, 
	doi = {10.1016/j.infsof.2015.11.001}, 
	publisher = {Butterworth-Heinemann},
	address = {Newton, MA, USA},
	keywords = {Domain-Specific Languages, Systematic Mapping Study, Systematic Review},
}

@Article{vanMegenMeyerhoff1995,
	author="van Megen, Rudolf and Meyerhoff, Dirk B.",
	title="Costs and benefits of early defect detection: experiences from developing client server and host applications",
	journal="Software Quality Journal",
	year="1995",
	month="Dec",
	day="01",
	volume="4",
	number="4",
	pages="247--256",
	issn="1573-1367",
	doi="10.1007/BF00402646",
}

@article{Bernardino_et_al2017,
	title={Systematic mapping study on MBT: tools and models},
	author={Bernardino, Maicon and Rodrigues, Elder M. and Zorzo, Avelino F. and Marchezan, Luciano},
	journal={IET Software},
	volume={11},
	number={4},
	pages={141--155},
	year={2017},
	publisher={IET}
}

@Article{GurbuzTekinerdogan2018,
	author="Gurbuz, Havva Gulay and Tekinerdogan, Bedir",
	title="Model-based testing for software safety: a systematic mapping study",
	journal="Software Quality Journal",
	year="2018",
	month="Dec",
	day="01",
	volume="26",
	number="4",
	pages="1327--1372",
	issn="1573-1367",
	doi="10.1007/s11219-017-9386-2",
}

@article{Minhas_et_al2018,
	author = {Minhas, Nasir Mehmood and Masood, Sohaib and Petersen, Kai and Nadeem, Aamer},   
	journal = {Journal of Software: Evolution and Process},
	title = {A Systematic Mapping of Test Case Generation Techniques Using UML Interaction Diagram},
	keywords = {Software testing, Test case generation, Interaction diagrams, Model based testing, Systematic mapping},   
	year = {2018},
	pages = {2047-7481},
}

@book{Pohl_et_al2005,
	address = {Berlin},
	author = {Pohl, Klaus and B\"{o}ckle, G\"{u}nter and van der Linden, Frank J.},
	doi = {10.1007/3-540-28901-1},
	isbn = {978-3-540-24372-4},
	keywords = {01624 103 springer book shelf software product development process code generation},
	publisher = {Springer},  
	title = {Software Product Line Engineering: Foundations, Principles, and Techniques},  
	year = 2005
}

@book{Linden_et_al2007,
	author = {Linden, Frank J. van der and Schmid, Klaus and Rommes, Eelco},
	title = {Software Product Lines in Action: The Best Industrial Practice in Product Line Engineering},
	year = {2007},
	isbn = {3540714367},
	publisher = {Springer-Verlag},
	address = {Berlin, Heidelberg},
} 

@article{Raatikainen_et_al2019,
	title = "Software product lines and variability modeling: A tertiary study",
	journal = "Journal of Systems and Software",
	volume = "149",
	pages = "485 - 510",
	year = "2019",
	issn = "0164-1212",
	doi = "https://doi.org/10.1016/j.jss.2018.12.027",
	author = "Mikko Raatikainen and Juha Tiihonen and Tomi MÃ¤nnistÃ¶",
	keywords = "Software product line, Variability, Variability modeling, Systematic literature review, Mapping study, Tertiary study",
}

@article{EngstromRuneson2011,
	title={Software product line testing: a systematic mapping study},
	author={Engstr{\"o}m, Emelie and Runeson, Per},
	journal={Information and Software Technology},
	volume={53},
	number={1},
	pages={2--13},
	year={2011},
	publisher={Elsevier}
}

@ARTICLE{Engstrom_et_al2011, 
	author={E. {Engstrom} and Per {Runeson} and Ivan do Carmo {Machado} and Eduardo {Almeida} and Silvio de Lemos {Meira}}, 
	journal={IEEE Software}, 
	title={Testing Software Product Lines}, 
	year={2011}, 
	volume={28}, 
	number={5}, 
	pages={16-20}, 
	keywords={program testing;software development management;software product lines;Web extra;software testing;Testing;Software development;Systematics;Product development;software testing;software product lines;SPL}, 
	doi={10.1109/MS.2011.90}, 
	ISSN={0740-7459}, 
	month={Sep.},
}


@book{Capilla_et_al2013,
	author = {Capilla, Rafael and Bosch, Jan and Kang, Kyo-Chul},
	title = {Systems and Software Variability Management: Concepts, Tools and Experiences},
	year = {2013},
	isbn = {3642365825, 9783642365829},
	publisher = {Springer Publishing Company, Incorporated},
} 

@inproceedings{Reales_et_al2011,
	title={Model Based Testing in Software Product Lines},
	author={Reales, Pedro and Polo, Macario and Caivano, Danilo},
	booktitle={International Conference on Enterprise Information Systems},
	pages={270--283},
	year={2011},
	organization={Springer}
}

@book{ClementsNorthrop2001,
	author = {Clements, Paul C. and Northrop, Linda},
	keywords = {fundamentals line product},
	month = {August},
	publisher = {Addison-Wesley},
	series = {SEI Series in Software Engineering},
	title = {Software Product Lines: Practices and Patterns},
	year = 2001
}

@article{Gaster_et_al2014, 
	author={M. Galster and D. Weyns and D. Tofan and B. Michalik and P. Avgeriou}, 
	journal={IEEE Transactions on Software Engineering}, 
	title={Variability in Software Systems, A Systematic Literature Review}, 
	year={2014}, 
	volume={40}, 
	number={3}, 
	pages={282-306}, 
	doi={10.1109/TSE.2013.56}, 
	ISSN={0098-5589}, 
	month={March}
}

@article{ThurimellaBruegge2012,
	author = {Thurimella, Anil Kumar and Bruegge, Bernd},
	title = {Issue-based Variability Management},
	journal = {Inf. Softw. Technol.},
	year = {2012},
	issue_date = {September, 2012},
	volume = {54},
	number = {9},
	month = {sep},
	issn = {0950-5849},
	pages = {933--950},
	numpages = {18},
	doi = {10.1016/j.infsof.2012.02.005},
	acmid = {2264218},
	publisher = {Butterworth-Heinemann},
	address = {Newton, MA, USA},
	keywords = {Empirical software engineering, Product line engineering, Rationale management, Requirements engineering}
} 

@incollection{kangLee2013,
	title={Variability modeling},
	author={Kang, Kyo C and Lee, Hyesun},
	booktitle={Systems and Software Variability Management},
	pages={25--42},
	year={2013},
	publisher={Springer}
}

@INPROCEEDINGS{Arcaini_et_al2015, 
	author={P. {Arcaini} and A. {Gargantini} and P. {Vavassori}}, 
	booktitle={2015 IEEE 8th International Conference on Software Testing, Verification and Validation (ICST)}, 
	title={Generating Tests for Detecting Faults in Feature Models}, 
	year={2015}, 
	pages={1-10}, 
	keywords={program testing;test generation;feature model testing;FMs;feature modeling;distinguishing configuration;logic solver;compact test suites;fault detection capability;Testing;Analytical models;Semantics;Feature extraction;Adaptation models;Software;Syntactics}, 
	doi={10.1109/ICST.2015.7102591}, 
	ISSN={2159-4848}, 
	month={April},
}


@inproceedings{Combemale_et_al2012,
	author = {Combemale, Benoit and Barais, Olivier and Alam, Omar and Kienzle, J\"{o}rg},
	title = {Using CVL to Operationalize Product Line Development with Reusable Aspect Models},
	booktitle = {Proceedings of the VARiability for You Workshop: Variability Modeling Made Useful for Everyone},
	series = {VARY '12},
	year = {2012},
	isbn = {978-1-4503-1809-9},
	location = {Innsbruck, Austria},
	pages = {9--14},
	numpages = {6},
	url = {http://doi.acm.org/10.1145/2425415.2425418},
	doi = {10.1145/2425415.2425418},
	acmid = {2425418},
	publisher = {ACM},
	address = {New York, NY, USA},
} 

@inproceedings{Reuys_et_al2005,
	author = {Reuys, Andreas and Kamsties, Erik and Pohl, Klaus and Reis, Sacha},
	title = {Model-based System Testing of Software Product Families},
	booktitle = {International Conference on Advanced Information Systems Engineering},
	series = {CAiSE'05},
	year = {2005},
	isbn = {3-540-26095-1, 978-3-540-26095-0},
	location = {Porto, Portugal},
	pages = {519--534},
	numpages = {16},
	doi = {10.1007/11431855_36}, 
	publisher = {Springer-Verlag},
	address = {Berlin, Heidelberg},
}

@phdthesis{Devroey2017,
	title={Behavioural Model-Based Testing of Software Product Lines},
	author={Devroey, Xavier},
	school = {UniversitÃ© de Namur},
	year={2017},
}

@article{Rodrigues_et_al2012,
	title={A Software Product Line for Model-Based Testing Tools},
	author={Rodrigues, E de M and Zorzo, Avelino F and Nakagawa, EY and Gimenez, I and Maldonado, JC and de Oliveira, FM},
	journal={Journal of Systems and Software},
	pages={1--26},
	year={2012}
}

@article{Razak_et_al2017,
	title={Model-Based Testing for Software Product Line: A Systematic Literature Review},
	author={Safwan Abd Razak and Mohd Adham Isa and Dayang Norhayati Abang Jawawi and Ong Liang Fuh},
	journal={International Journal of Software Engineering and Technology},
	volume={2},
	number={2},
	year={2017},
	pages={27-34},
}

@phdthesis{Olimpiew2008,
	author = {Olimpiew, Erika Mir},
	advisor = {Gomaa, Hassan},
	title = {Model-based Testing for Software Product Lines},
	year = {2008},
	isbn = {978-0-549-60383-2},
	note = {AAI3310145},
	school = {George Mason University},
	address = {Fairfax, VA, USA},
}


@inproceedings{Lochau_et_al2014,
	title={Model-based testing},
	author={Lochau, Malte and Peldszus, Sven and Kowal, Matthias and Schaefer, Ina},
	booktitle={International School on Formal Methods for the Design of Computer, Communication and Software Systems},
	pages={310-342},
	year={2014},
	organization={Springer}
}

@inproceedings{Wang_et_al2013,
	title={Using feature model to support model-based testing of product lines: an industrial case study},
	author={Wang, Shuai and Ali, Shaukat and Yue, Tao and Liaaen, Marius},
	booktitle={Quality Software (QSIC), 2013 13th International Conference on},
	pages={75--84},
	year={2013},
	organization={IEEE}
}

@inproceedings{Lee_et_al2012,
	author = {Lee, Jihyun and Kang, Sungwon and Lee, Danhyung},
	title = {A Survey on Software Product Line Testing},
	booktitle = {International Software Product Line Conference},
	series = {SPLC '12},
	year = {2012},
	isbn = {978-1-4503-1094-9},
	location = {Salvador, Brazil},
	pages = {31--40},
	numpages = {10},
	doi = {10.1145/2362536.2362545},
	publisher = {ACM},
	address = {New York, NY, USA},
	keywords = {software product line engineering, software product line testing, software testing},
} 

@article{Petersen_et_al2015,
	title = "Guidelines for conducting systematic mapping studies in software engineering: An update",
	journal = "Information and Software Technology",
	volume = "64",
	pages = "1 - 18",
	year = "2015",
	issn = "0950-5849",
	doi = "https://doi.org/10.1016/j.infsof.2015.03.007",
	url = "http://www.sciencedirect.com/science/article/pii/S0950584915000646",
	author = "Kai Petersen and Sairam Vakkalanka and Ludwik Kuzniarz",
	keywords = "Systematic mapping studies, Software engineering, Guidelines",
}

@book{Kitchenham_et_al2015,
	author = {Kitchenham, Barbara Ann and Budgen, David and Brereton, Pearl},
	title = {Evidence-Based Software Engineering and Systematic Reviews},
	year = {2015},
	isbn = {1482228653, 9781482228656},
	publisher = {Chapman \& Hall/CRC},
} 

@article{Li2013,
	title={A novel Likert scale based on fuzzy sets theory},
	author={Li, Qing},
	journal={Expert Systems with Applications},
	volume={40},
	number={5},
	pages={1609-1618},
	year={2013},
	publisher={Elsevier}
}


@book{nakagawa2017revisao,
	title={Revis{\~a}o Sistem{\'a}tica da Literatura em Engenharia de Software: Teoria e Pr{\'a}tica},
	author={Nakagawa, Elisa Yumi and Scannavino, K{\'a}tia Romero Felizardo and Fabbri, Sandra Camargo Pinto Ferraz and Ferrari, Fabiano Cutigi},
	year={2017},
	publisher={Elsevier Brasil}
}

@inproceedings{wohlin2014guidelines,
	title={Guidelines for snowballing in systematic literature studies and a replication in software engineering},
	author={Wohlin, Claes},
	booktitle={Proceedings of the 18th international conference on evaluation and assessment in software engineering},
	pages={38},
	year={2014},
	organization={ACM}
}
@article{usman2017taxonomies,
	title={Taxonomies in software engineering: A Systematic mapping study and a revised taxonomy development method},
	author={Usman, Muhammad and Britto, Ricardo and B{\"o}rstler, J{\"u}rgen and Mendes, Emilia},
	journal={Information and Software Technology},
	volume={85},
	pages={43--59},
	year={2017},
	publisher={Elsevier}
}


@inproceedings{Steffens_et_al2012,
	title={Industrial evaluation of pairwise spl testing with moso-polite},
	author={Steffens, Michaela and Oster, Sebastian and Lochau, Malte and Fogdal, Thomas},
	booktitle={Proceedings of the Sixth International Workshop on Variability Modeling of Software-Intensive Systems},
	pages={55--62},
	year={2012},
	organization={ACM}
}

@inproceedings{cichos2011model,
	title={Model-based coverage-driven test suite generation for software product lines},
	author={Cichos, Harald and Oster, Sebastian and Lochau, Malte and Sch{\"u}rr, Andy},
	booktitle={International Conference on Model Driven Engineering Languages and Systems},
	pages={425--439},
	year={2011},
	organization={Springer}
}

@inproceedings{oster2011moso,
	title={MoSo-PoLiTe: tool support for pairwise and model-based software product line testing},
	author={Oster, Sebastian and Zorcic, Ivan and Markert, Florian and Lochau, Malte},
	booktitle={Proceedings of the 5th Workshop on Variability Modeling of Software-Intensive Systems},
	pages={79--82},
	year={2011},
	organization={ACM}
}

@inproceedings{SamihBogusch2014,
	title={MPLM-MaTeLo product line manager:[relating variability modelling and model-based testing]},
	author={Samih, Hamza and Bogusch, Ralf},
	booktitle={Proceedings of the 18th International Software Product Line Conference: Companion Volume for Workshops, Demonstrations and Tools-Volume 2},
	pages={138--142},
	year={2014},
	organization={ACM}
}

@inproceedings{knapp2014use,
	title={On the use of test cases in model-based software product line development},
	author={Knapp, Alexander and Roggenbach, Markus and Schlingloff, Bernd-Holger},
	booktitle={Proceedings of the 18th International Software Product Line Conference-Volume 1},
	pages={247--251},
	year={2014},
	organization={ACM}
}

@inproceedings{oster2011pairwise,
	title={Pairwise feature-interaction testing for SPLs: potentials and limitations},
	author={Oster, Sebastian and Zink, Marius and Lochau, Malte and Grechanik, Mark},
	booktitle={Proceedings of the 15th International Software Product Line Conference, Volume 2},
	pages={6},
	year={2011},
	organization={ACM}
}

@inproceedings{samih2014deriving,
	title={Deriving usage model variants for model-based testing: an industrial case study},
	author={Samih, Hamza and Le Guen, H{\'e}l{\`e}ne and Bogusch, Ralf and Acher, Mathieu and Baudry, Benoit},
	booktitle={Engineering of Complex Computer Systems (ICECCS), 2014 19th International Conference on},
	pages={77--80},
	year={2014},
	organization={IEEE}
}

@inproceedings{gebizli2016model,
	title={Model-based software product line testing by coupling feature models with hierarchical markov chain usage models},
	author={Gebizli, Ceren Sahin and S{\"o}zer, Hasan},
	booktitle={Software Quality, Reliability and Security Companion (QRS-C), 2016 IEEE International Conference on},
	pages={278--283},
	year={2016},
	organization={IEEE}
}

@inproceedings{lackner2014model,
	title={Model-based test design of product lines: Raising test design to the product line level},
	author={Lackner, Hartmut and Thomas, Martin and Wartenberg, Florian and Wei{\ss}leder, Stephan},
	booktitle={Software Testing, Verification and Validation (ICST), 2014 IEEE Seventh International Conference on},
	pages={51--60},
	year={2014},
	organization={IEEE}
}

@inproceedings{dukaczewski2013requirements,
	title={Requirements-based delta-oriented SPL testing},
	author={Dukaczewski, Michael and Schaefer, Ina and Lachmann, Remo and Lochau, Malte},
	booktitle={Product Line Approaches in Software Engineering (PLEASE), 2013 4th International Workshop on},
	pages={49--52},
	year={2013},
	organization={IEEE}
}


@inproceedings{Garcia_et_al2010,
	title={An automated Model-based Testing Approach in Software Product Lines Using a Variability Language},
	author={Garc{\'\i}a Guti{\'e}rrez, Bonifacio and Garcia Carmona, Rodrigo and Navas Baltasar, Alvaro and Parada G{\'e}lvez, Hugo Alexer and Cuadrado Latasa, Felix and Due{\~n}as L{\'o}pez, Juan Carlos},
	booktitle={Workshop on Model-Driven Tool and Process Integration},
	year={2010},
	pages={1-10},
}

@inproceedings{wang2013automated,
	title={Automated Product Line Methodologies to Support Model-Based Testing.},
	author={Wang, Shuai and Ali, Shaukat and Gotlieb, Arnaud},
	booktitle={Demos/Posters/StudentResearch@ MoDELS},
	pages={56--60},
	year={2013}
}




@phdthesis{oster2012feature,
	title={Feature Model-based Software Product Line Testing},
	author={Oster, Sebastian},
	year={2012},
	school={Technische Universit{\"a}t}
}

@article{lochau2012model,
	title={Model-based pairwise testing for feature interaction coverage in software product line engineering},
	author={Lochau, Malte and Oster, Sebastian and Goltz, Ursula and Sch{\"u}rr, Andy},
	journal={Software Quality Journal},
	volume={20},
	number={3-4},
	pages={567--604},
	year={2012},
	publisher={Springer}
}

@inproceedings{cai2013model,
	title={Model-based test generation for software product line},
	author={Cai, Xinying and Zeng, Hongwei},
	booktitle={Computer and Information Science (ICIS), 2013 IEEE/ACIS 12th International Conference on},
	pages={347--351},
	year={2013},
	organization={IEEE}
}

@article{WeisslederLackner2013,
	title={Top-down and bottom-up approach for model-based testing of product lines},
	author={Wei{\ss}leder, Stephan and Lackner, Hartmut},
	journal={arXiv preprint arXiv:1303.1011},
	year={2013}
}

@inproceedings{ali2012product,
	title={A product line modeling and configuration methodology to support model-based testing: an industrial case study},
	author={Ali, Shaukat and Yue, Tao and Briand, Lionel and Walawege, Suneth},
	booktitle={International Conference on Model Driven Engineering Languages and Systems},
	pages={726--742},
	year={2012},
	organization={Springer}
}

@inproceedings{devroey2014coverage,
	title={Coverage criteria for behavioural testing of software product lines},
	author={Devroey, Xavier and Perrouin, Gilles and Legay, Axel and Cordy, Maxime and Schobbens, Pierre-Yves and Heymans, Patrick},
	booktitle={International Symposium On Leveraging Applications of Formal Methods, Verification and Validation},
	pages={336--350},
	year={2014},
	organization={Springer}
}

@inproceedings{Lochau:2014,
	author = {Lochau, Malte and Peldszus, Sven and Kowal, Matthias and Schaefer, Ina},
	title = {Model-Based Testing},
	booktitle = {Advanced Lectures of the 14th International School on Formal Methods for Executable Software Models - Volume 8483},
	year = {2014},
	isbn = {978-3-319-07316-3},
	pages = {310--342},
	numpages = {33},
	url = {http://dx.doi.org/10.1007/978-3-319-07317-0_8},
	doi = {10.1007/978-3-319-07317-0_8},
	acmid = {2942652},
	publisher = {Springer-Verlag New York, Inc.},
	address = {New York, NY, USA},
}

@inproceedings{devroey2012vision,
	title={A vision for behavioural model-driven validation of software product lines},
	author={Devroey, Xavier and Cordy, Maxime and Perrouin, Gilles and Kang, Eun-Young and Schobbens, Pierre-Yves and Heymans, Patrick and Legay, Axel and Baudry, Benoit},
	booktitle={International Symposium On Leveraging Applications of Formal Methods, Verification and Validation},
	pages={208--222},
	year={2012},
	organization={Springer}
}

@inproceedings{devroey2014abstract,
	title={Abstract test case generation for behavioural testing of software product lines},
	author={Devroey, Xavier and Perrouin, Gilles and Schobbens, Pierre-Yves},
	booktitle={Proceedings of the 18th International Software Product Line Conference: Companion Volume for Workshops, Demonstrations and Tools-Volume 2},
	pages={86--93},
	year={2014},
	organization={ACM}
}

@inproceedings{lity2016applying,
	title={Applying incremental model slicing to product-line regression testing},
	author={Lity, Sascha and Morbach, Thomas and Th{\"u}m, Thomas and Schaefer, Ina},
	booktitle={International Conference on Software Reuse},
	pages={3--19},
	year={2016},
	organization={Springer}
}

@inproceedings{patel2015automated,
	title={Automated testing of software-as-a-service configurations using a variability language},
	author={Patel, Sachin and Shah, Vipul},
	booktitle={Proceedings of the 19th International Conference on Software Product Line},
	pages={253--262},
	year={2015},
	organization={ACM}
}

@inproceedings{varshosaz2015delta,
	title={Delta-oriented FSM-based testing},
	author={Varshosaz, Mahsa and Beohar, Harsh and Mousavi, Mohammad Reza},
	booktitle={International Conference on Formal Engineering Methods},
	pages={366--381},
	year={2015},
	organization={Springer}
}

@inproceedings{lochau2012incremental,
	title={Incremental model-based testing of delta-oriented software product lines},
	author={Lochau, Malte and Schaefer, Ina and Kamischke, Jochen and Lity, Sascha},
	booktitle={International Conference on Tests and Proofs},
	pages={67--82},
	year={2012},
	organization={Springer}
}

@inproceedings{lochau2012parameterized,
	title={Parameterized preorder relations for model-based testing of software product lines},
	author={Lochau, Malte and Kamischke, Jochen},
	booktitle={International Symposium On Leveraging Applications of Formal Methods, Verification and Validation},
	pages={223--237},
	year={2012},
	organization={Springer}
}

@inproceedings{devroey2015vibes,
	title={VIBeS, transition system mutation made easy},
	author={Devroey, Xavier and Perrouin, Gilles and Schobbens, Pierre-Yves and Heymans, Patrick},
	booktitle={Proceedings of the 37th International Conference on Software Engineering-Volume 2},
	pages={817--818},
	year={2015},
	organization={IEEE Press}
}

@article{beohar2014spinal,
	title={Spinal test suites for software product lines},
	author={Beohar, Harsh and Mousavi, Mohammad Reza},
	journal={arXiv preprint arXiv:1403.7260},
	year={2014}
}


@article{samih2012relating,
	title={Relating variability modeling and model-based testing for software product lines testing},
	author={Samih, H and Baudry, B},
	journal={Proceedings of the ICTSS},
	pages={18--22},
	year={2012}
}

@inproceedings{weissleder2014evaluation,
	title={An evaluation of model-based testing in embedded applications},
	author={Wei{\ss}leder, Stephan and Schlingloff, Holger},
	booktitle={Software Testing, Verification and Validation (ICST), 2014 IEEE Seventh International Conference on},
	pages={223--232},
	year={2014},
	organization={IEEE}
}

@inproceedings{henard2013assessing,
	title={Assessing software product line testing via model-based mutation: An application to similarity testing},
	author={Henard, Christopher and Papadakis, Mike and Perrouin, Gilles and Klein, Jacques and Le Traon, Yves},
	booktitle={Software Testing, Verification and Validation Workshops (ICSTW), 2013 IEEE Sixth International Conference on},
	pages={188--197},
	year={2013},
	organization={IEEE}
}

@inproceedings{perrouin2010automated,
	title={Automated and scalable t-wise test case generation strategies for software product lines},
	author={Perrouin, Gilles and Sen, Sagar and Klein, Jacques and Baudry, Benoit and Le Traon, Yves},
	booktitle={Software Testing, Verification and Validation (ICST), 2010 Third International Conference on},
	pages={459--468},
	year={2010},
	organization={IEEE}
}

@inproceedings{hasling2008model,
	title={Model based testing of system requirements using UML use case models},
	author={Hasling, Bill and Goetz, Helmut and Beetz, Klaus},
	booktitle={Software Testing, Verification, and Validation, 2008 1st international conference on},
	pages={367--376},
	year={2008},
	organization={IEEE}
}

@inproceedings{gebizli2016successive,
	title={Successive refinement of models for model-based testing to increase system test effectiveness},
	author={Gebizli, Ceren Sahin and S{\"o}zer, Hasan and Ercan, Ali {\"O}zer},
	booktitle={Software Testing, Verification and Validation Workshops (ICSTW), 2016 IEEE Ninth International Conference on},
	pages={263--268},
	year={2016},
	organization={IEEE}
}



@inproceedings{weissleder2008reusing,
	title={Reusing state machines for automatic test generation in product lines},
	author={Wei{\ss}leder, Stephan and Sokenou, Dehla and Schlingloff, Bernd-Holger},
	booktitle={1st workshop on model-based testing in practice (MoTiP)},
	pages={19},
	year={2008}
}

@article{OliveiraJr_et_al2010,
	author = {Edson OliveiraJr and Itana M. S. Gimenes and Jos\Â´{e} C. Maldonado},
	title =  {Systematic Management of Variability in UML-based Software Product Lines},
	journal = {{J}ournal of {U}niversal {C}omputer {S}cience {(JUCS)}},
	year = {2010},
	volume = {16},
	number = {17},
	pages = {2374-2393},
	date = {2010-09-01},
	month = {sep}
}

@book{Apel_et_al2013,
	author = {Apel, Sven and Batory, Don and Kstner, Christian and Saake, Gunter},
	title = {Feature-Oriented Software Product Lines: Concepts and Implementation},
	year = {2013},
	isbn = {3642375200, 9783642375200},
	publisher = {Springer Publishing Company, Incorporated},
}

@article{SilveiraNeto_et_al2011,
	title={A systematic mapping study of software product lines testing},
	author={Silveira Neto, Paulo Anselmo da Mota and Machado, Ivan C. and McGregor, John D. and Almeida, Eduardo S. and Meira, Silvio Romero L.},
	journal={Information and Software Technology},
	volume={53},
	number={5},
	pages={407--423},
	year={2011},
	publisher={Elsevier}
}

@article{SilveiraNeto_et_al2011_IEEE,
	title={Testing Software Product Lines},
	author={Silveira Neto, Paulo Anselmo Mota and Per Runeson, Ivan do Carmo Machado and Eduardo Santana Almeida and Silvio Romero de Lemos Meira and Emelie EngstrÃ¶m},
	journal={IEEE Software},
	volume={28}, 
	number={5}, 
	pages={16-20}, 
	doi={10.1109/MS.2011.90}, 
	ISSN={0740-7459}, 
	month={Sep.},
	publisher={IEEE},
	year={2011},
}


@article{de2010novel,
	title={A novel Markov boundary based feature subset selection algorithm},
	author={de Morais, S{\'e}rgio Rodrigues and Aussem, Alex},
	journal={Neurocomputing},
	volume={73},
	number={4-6},
	pages={578--584},
	year={2010},
	publisher={Elsevier}
}

@article{damiani2017novel,
	title={A novel model-based testing approach for software product lines},
	author={Damiani, Ferruccio and Faitelson, David and Gladisch, Christoph and Tyszberowicz, Shmuel},
	journal={Software \& Systems Modeling},
	volume={16},
	number={4},
	pages={1223--1251},
	year={2017},
	publisher={Springer}
}


@article{escalona2011overview,
	title={An overview on test generation from functional requirements},
	author={Escalona, MJ and Gutierrez, Javier J and Mej{\'\i}as, Manuel and Arag{\'o}n, Gustavo and Ramos, I and Torres, J and Dom{\'\i}nguez, FJ},
	journal={Journal of Systems and Software},
	volume={84},
	number={8},
	pages={1379--1393},
	year={2011},
	publisher={Elsevier}
}

@article{beohar2016basic,
	title={Basic behavioral models for software product lines: Expressiveness and testing pre-orders},
	author={Beohar, Harsh and Varshosaz, Mahsa and Mousavi, Mohammad Reza},
	journal={Science of Computer Programming},
	volume={123},
	pages={42--60},
	year={2016},
	publisher={Elsevier}
}

@article{perez2010bottom,
	title={Bottom-up reuse for multi-level testing},
	author={P{\'e}rez, Abel Marrero and Kaiser, Stefan},
	journal={Journal of Systems and Software},
	volume={83},
	number={12},
	pages={2392--2415},
	year={2010},
	publisher={Elsevier}
}

@phdthesis{farrag2010colored,
	title={Colored Model Based Testing for Software Product Lines (CMBT-SWPL)},
	author={Farrag, Manal},
	year={2010},
	school={Technical University of Ilmenau}
}

@inproceedings{al2016incling,
	title={IncLing: efficient product-line testing using incremental pairwise sampling},
	author={Al-Hajjaji, Mustafa and Krieter, Sebastian and Th{\"u}m, Thomas and Lochau, Malte and Saake, Gunter},
	booktitle={ACM SIGPLAN Notices},
	pages={144--155},
	year={2016},
	organization={ACM}
}

@inproceedings{beohar2014input,
	title={Input-output conformance testing based on featured transition systems},
	author={Beohar, Harsh and Mousavi, Mohammad Reza},
	booktitle={Proceedings of the 29th Annual ACM Symposium on Applied Computing},
	pages={1272--1278},
	year={2014},
	organization={ACM}
}

@inproceedings{bringmann2008model,
	title={Model-based testing of automotive systems},
	author={Bringmann, Eckard and Kr{\"a}mer, Andreas},
	booktitle={2008 1st international conference on software testing, verification, and validation},
	pages={485--493},
	year={2008},
	organization={IEEE}
}

@inproceedings{reuys2005model,
	title={Model-based system testing of software product families},
	author={Reuys, Andreas and Kamsties, Erik and Pohl, Klaus and Reis, Sacha},
	booktitle={International Conference on Advanced Information Systems Engineering},
	pages={519--534},
	year={2005},
	organization={Springer}
}

@inproceedings{olimpiew2005model,
	title={Model-based testing for applications derived from software product lines},
	author={Olimpiew, Erika Mir and Gomaa, Hassan},
	booktitle={ACM SIGSOFT Software Engineering Notes},
	pages={1--7},
	year={2005},
	organization={ACM}
}

@inproceedings{fragal2017reducing,
	title={Reducing the Concretization Effort in FSM-Based Testing of Software Product Lines},
	author={Fragal, Vanderson Hafemann and Simao, Adenilso and Endo, Andr{\'e} Takeshi and Mousavi, Mohammad Reza},
	booktitle={2017 IEEE International Conference on Software Testing, Verification and Validation Workshops (ICSTW)},
	pages={329--336},
	year={2017},
	organization={IEEE}
}

@inproceedings{damiani2013refinement,
	title={Refinement-based testing of delta-oriented product lines},
	author={Damiani, Ferruccio and Gladisch, Christoph and Tyszberowicz, Shmuel},
	booktitle={Proceedings of the 2013 International Conference on Principles and Practices of Programming on the Java Platform: Virtual Machines, Languages, and Tools},
	pages={135--140},
	year={2013},
	organization={ACM}
}

@inproceedings{lachmann2017risk,
	title={Risk-based integration testing of software product lines},
	author={Lachmann, Remo and Beddig, Simon and Lity, Sascha and Schulze, Sandro and Schaefer, Ina},
	booktitle={Proceedings of the Eleventh International Workshop on Variability Modelling of Software-intensive Systems},
	pages={52--59},
	year={2017},
	organization={ACM}
}

@article{zhang2017uncertainty,
	title={Uncertainty-wise evolution of test ready models},
	author={Zhang, Man and Ali, Shaukat and Yue, Tao and Norgre, Roland},
	journal={Information and Software Technology},
	volume={87},
	pages={140--159},
	year={2017},
	publisher={Elsevier}
}











@comment{jabref-meta: selector_publisher:}

@comment{jabref-meta: selector_author:}

@comment{jabref-meta: selector_journal:}

@comment{jabref-meta: selector_keywords:}

